@inproceedings{BFS86,
author="L. Babai and P. Frankl and J. Simon",
title="Complexity classes in communication complexity theory",
booktitle="Proc. 27th FOCS",
publisher="IEEE Computer Society",
year="1986",
pages="337-347"}